@inproceedings{sturzurange,
  title={Range Tree Applications in Computational Geometry},
  author={Sturzu, Antonio-Gabriel and BOIANGIU, COSTIN-ANTON},
  booktitle={Proc. 18th WSEAS International Conference on Applied Mathematics},
  pages={10--12}
}

@book{chazelle1999advances,
  title={Advances in Discrete and Computational Geometry: Proceedings of the 1996 AMS-IMS-SIAM Joint Summer Research Conference, Discrete and Computational Geometry--Ten Years Later, July 14-18, 1996, Mount Holyoke College},
  author={Chazelle, Bernard and Goodman, Jacob E and Pollack, Richard},
  volume={223},
  year={1999},
  publisher={American Mathematical Soc.}
  pages = {},
}

@book{clrs,
  title={Introduction to Algorithms},
  author={Cormen, Thomas H and Leiserson, Charles E and Rivest, Ronald L and Stein, Clifford},
  year={1990},
  publisher={MIT Press, Cambridge MA}
}

@article{Friedman,
 author = {Bentley, Jon Louis and Friedman, Jerome H.},
 title = {Data Structures for Range Searching},
 journal = {ACM Comput. Surv.},
 issue_date = {Dec. 1979},
 volume = {11},
 number = {4},
 month = dec,
 year = {1979},
 issn = {0360-0300},
 pages = {397--409},
 numpages = {13},
 url = {http://doi.acm.org/10.1145/356789.356797},
 doi = {10.1145/356789.356797},
 acmid = {356797},
 publisher = {ACM},
 address = {New York, NY, USA},
} 

@book{brass2008advanced,
  title={Advanced data structures},
  author={Brass, Peter},
  volume={1},
  year={2008},
  publisher={Cambridge University Press, Cambridge MA}
}

@techreport{willard,
  title={The Super-B-Tree Algorithm.},
  author={Willard, Dan E},
  year={1979},
  institution={HARVARD UNIV CAMBRIDGE MA AIKEN COMPUTATION LAB}
}